<?xml version="1.0" encoding="UTF-8"?><collection xmlns="http://www.loc.gov/MARC21/slim"><record><leader>00426nam--2200133-i-4500</leader><controlfield tag="001">000007490</controlfield><controlfield tag="002">20161230</controlfield><controlfield tag="005">20161230201027</controlfield><controlfield tag="008">060222s1000------------r-----000-0-eng-d</controlfield><datafield ind1=" " ind2=" " tag="100"><subfield code="a">Cheydleur, Benjamin F., Hayes, Robert M.And Rubinoff, Morris</subfield></datafield><datafield ind1=" " ind2=" " tag="245"><subfield code="a">Science information and research.papers from a drexel colloquium</subfield></datafield><datafield ind1=" " ind2=" " tag="260"><subfield code="a">Philadelphia, Drexel Institute Of Technology, 26 P</subfield></datafield><datafield ind1=" " ind2=" " tag="700"><subfield code="a">Humeston, E.J</subfield></datafield><datafield ind1=" " ind2=" " tag="852"><subfield code="a">22739</subfield></datafield></record></collection>